


@BOOK{primertrabajo,
	    AUTHOR = "Mark Johnson Cutler",
	    TITLE = "Design and control of an Autonomus Variable-Pitch Quadrotor Helicopter",
	    PUBLISHER = {Massachussets Institute of Technology},
	    YEAR = 2012}
	    
	    
	    
    
	    
	    @BOOK{segundotrabajo,
	    AUTHOR = "LaFleur, K. and Cassady, K. and Doud, A. and Shades, K. and Rogin, E. and He, B.",
	    TITLE = "Quadcopter control in three-dimensional space using a nonivasive motor imagery-based rai-computer interface",
	    PUBLISHER = {Department of Biomedical Engineering, University of Minnesota},
	    YEAR = 2013}


@electronic{pololu,
	    author = {Pololu},
  title = "AltIMU-10",
  howpublished = {\url{https://www.pololu.com/product/2470}}
  
}		

		
 @electronic{mpu,
	    author = {Invensense},
  title = "MPU 6050",
  howpublished = {\url{http://www.invensense.com/products/motion-tracking/6-axis/mpu-6050/}}
  
}		
		

  

  @BOOK{Vila,
	    AUTHOR = "Vila, M.",
	    TITLE = "A quick overview on rotatory Brush and Brushless DC Motors",
	    PUBLISHER = {Motion Control Department, Ingenia},
	    YEAR = 2006}
	    
	    
	    @electronic{wikigiroscopo,
	    author = {Wikipedia},
  title = "Giroscopo",
  howpublished = {\url{https://es.wikipedia.org/wiki/Giroscopo}},
  
}


    
	    @TechReport{patentegiroscopo,
	    AUTHOR = "Hopkin, I. D. and Fell, C. P. and Townsend, K. and Mason, T. R.",
	    TITLE = "Un giroscopio de estructura vibrante",
	    PUBLISHER = "BAE Systems plc",
	    YEAR = 1998,
	    howpublished = {\url{http://www.oepm.es/pdf/ES/0000/000/02/23/29/ES-2232915_T3.pdf}}
	    }
	    
	    


	    	    @electronic{hoja,
    author = {STMicroelectronics},
  title = "Hoja de caracteristicas giroscopio L3GD20H",
   YEAR = 2013,
  howpublished = {\url{http://www.st.com/web/catalog/sense_power/FM89/SC1288/PF254039}},
  
}



    	    @electronic{analisisacelerometro,
	    author = {Matej AndrejasÌŒic},
  title = "MEMS Accelerometer",
  YEAR = 2008,
  howpublished = {\url{http://www.st.com/web/catalog/sense_power/FM89/SC1288/PF254039}},
  
}

  	    @electronic{hojab,
    author = {STMicroelectronics},
  title = "Hoja de caracteristicas acelerometro LSM303D",
   YEAR = 2013,
  howpublished = {\url{http://www.st.com/web/en/resource/technical/document/datasheet/DM00057547.pdf}},
  
}

  	    @electronic{calculoangulosacelerometrofreescale,
    author = {Freescale Semiconductor},
  title = "Tilt sensing using a three axis accelerometer",
   YEAR = 2013,
  howpublished = {\url{http://www.freescale.com/files/sensors/doc/app_note/AN3461.pdf}},
  
}

@electronic{fritzing,
    author = {Fritzing},
  title = "Esquemas de circuitos",
   
  howpublished = {\url{http://fritzing.org/home/}},
  
}



	    @electronic{proteccionarduino,
    author = {Rugged circuits},
  title = "How to destroy an Arduino (Method #5)",
   
  howpublished = {\url{http://www.ruggedcircuits.com/10-ways-to-destroy-an-arduino}},
  
}


 
	    @BOOK{ogata,
	    AUTHOR = "Katsuhiko, O.",
	    TITLE = "Ingenieria de control moderna",
	    PUBLISHER = {University of Minnesota},
	    	YEAR = 1998}
	    

@BOOK{windup,
	    AUTHOR = "Zhang, D. and Li, H. and Collins, E. G.",
	    TITLE = "Digital anti-windup PI controllers for variable-speed motor drives using FPGA and stochastic theory",
	    PUBLISHER = {IEEE TRANSACTIONS ON POWER ELECTRONICS},
	    YEAR = 2006}
	    
	    
	    
 @electronic{paginani,
    author = {National Instruments},
  title = "LabView",
  howpublished = {\url{http://spain.ni.com}},
  
}
	    
	    
	    
	    @TechReport{pag,
	    AUTHOR = "NI",
	    TITLE = "Comunicacion Serial Utilizando LabView con un Microcontrolador",
	    YEAR = 2008,
	    howpublished = {\url{http://www.ni.com/white-paper/7907/es/}}
	    }
	    
	    
	    	    
 @electronic{idearduino,
    author = {Arduino},
  title = "IDE Arduino",
  howpublished = {\url{https://www.arduino.cc/en/Main/Software}},
  
}











